@article{ahlander,
	author = "Ahlander, K.",
	title = "An Object-oriented Approach to Construct PDE Solvers",
	journal = "Scientific Report, Dept. of Scientific Computing, Uppsala University",
	year = "1996",
}

@online{pycfd,
	author = "Hua, T.B.",
	title = "PyCFD",
	url = "http://ohllab.org/CFD_course/index.html"
}

@article{barba,
	author = "Barba, L.A. and Forsyth, G.F.",
	title= "CFD Python: the 12 steps to Navier-Stokes equations",
	journal = "Journal of Open Source Education",
	volume = "1",
	number = "10",
	pages = "21",
	DOI = "https://doi.org/10.21105/jose.00021"
}

@book{cfdbook,
	title = {Computation Fluid Dynamics: The Basics with Applications},
	author = {Anderson, J. D.},
	publisher = {McGraw-Hill, Inc.},
	year = {2005}
}

@inbook{parallelPDEsolvers,
	author = "Thune, M. et al.",
	title = "Modern Software Tools for scientific computing",
	addendum = "Book edited by Arge, E. et al.",
	publisher = "Springer Science+ Business Media, LLC",
	year = "1997",
	chapter = "9: Object-Oriented Construction of Parallel PDE Solvers"
}
